 @article{
    gavriely_jensen_1993,
    title={Theory and measurements of snores},
    volume={74},
    DOI={10.1152/jappl.1993.74.6.2828},
    number={6},
    journal={Journal of Applied Physiology},
    author={Gavriely, Noam; Jensen, Oliver},
    year={1993},
    pages={2828â€“2837}
} 